<record><leader>00000cas a2200000 a 4500</leader><controlfield tag="001">11531164</controlfield><controlfield tag="008">841228d19671973ksuwr ne      0   a0eng d</controlfield><datafield ind1=" " ind2=" " tag="010"><subfield code="a">sn 84030403 </subfield></datafield><datafield ind1=" " ind2=" " tag="040"><subfield code="a">KSH</subfield><subfield code="b">eng</subfield><subfield code="c">KSH</subfield><subfield code="d">NPT</subfield><subfield code="d">OCL</subfield><subfield code="d">OCLCQ</subfield></datafield><datafield ind1=" " ind2=" " tag="042"><subfield code="a">msc</subfield></datafield><datafield ind1="0" ind2=" " tag="130"><subfield code="a">Anthony republican (Anthony, Kan. : 1967)</subfield></datafield><datafield ind1="1" ind2="4" tag="245"><subfield code="a">The Anthony republican.</subfield></datafield><datafield ind1=" " ind2=" " tag="260"><subfield code="a">Anthony, Kan. :</subfield><subfield code="b">Anthony Pub. Co.,</subfield><subfield code="c">1967-1973.</subfield></datafield><datafield ind1=" " ind2=" " tag="300"><subfield code="a">6 v. :</subfield><subfield code="b">ill. ;</subfield><subfield code="c">58 cm.</subfield></datafield><datafield ind1=" " ind2=" " tag="310"><subfield code="a">Weekly</subfield></datafield><datafield ind1="0" ind2=" " tag="362"><subfield code="a">Anthony republican, vol. 70, no. 45 (Nov. 16, 1967)-v. 96, no. 12 (Mar. 14, 1973) = Anthony bull., v. 50, no. 45-v. 76, no. 12.</subfield></datafield><datafield ind1=" " ind2=" " tag="500"><subfield code="a">Published by James W. Dunn, Mar. 5, 1970-Mar. 14, 1973.</subfield></datafield><datafield ind1=" " ind2=" " tag="515"><subfield code="a">Numbering is irregular.</subfield></datafield><datafield ind1=" " ind2=" " tag="525"><subfield code="a">Has occasional supplements.</subfield></datafield><datafield ind1=" " ind2=" " tag="752"><subfield code="a">United States</subfield><subfield code="b">Kansas</subfield><subfield code="c">Harper</subfield><subfield code="d">Anthony.</subfield></datafield><datafield ind1="0" ind2="0" tag="780"><subfield code="t">Anthony republican and the Anthony bulletin (Anthony, Kan. : 1925)</subfield><subfield code="w">(DLC)sn 84030424</subfield></datafield><datafield ind1="0" ind2="0" tag="785"><subfield code="t">Anthony republican and the Anthony bulletin (Anthony, Kan.) : 1973)</subfield><subfield code="w">(DLC)sn 84030405</subfield></datafield></record>